% Bibliografia SLIPS

@book{forgy1982rete,
  author    = {Charles L. Forgy},
  title     = {Rete: A Fast Algorithm for the Many Pattern/Many Object Pattern Match Problem},
  year      = {1982},
  publisher = {Artificial Intelligence},
  volume    = {19},
  number    = {1},
  pages     = {17--37},
  doi       = {10.1016/0004-3702(82)90020-0}
}

@manual{clips642,
  title        = {CLIPS Reference Manual},
  author       = {Gary Riley},
  organization = {NASA Johnson Space Center},
  year         = {2017},
  note         = {Version 6.4.2},
  url          = {https://www.clipsrules.net/}
}

@book{giarratano2004expert,
  author    = {Joseph C. Giarratano and Gary Riley},
  title     = {Expert Systems: Principles and Programming},
  year      = {2004},
  edition   = {4th},
  publisher = {Course Technology},
  isbn      = {0534384471}
}

@book{russell2020ai,
  author    = {Stuart Russell and Peter Norvig},
  title     = {Artificial Intelligence: A Modern Approach},
  year      = {2020},
  edition   = {4th},
  publisher = {Pearson},
  isbn      = {0134610997}
}

@article{brownston1985production,
  author  = {Lee Brownston and Robert Farrell and Elaine Kant and Nancy Martin},
  title   = {Programming Expert Systems in OPS5: An Introduction to Rule-Based Programming},
  year    = {1985},
  journal = {Addison-Wesley},
  isbn    = {0201106477}
}

@book{jackson1998intro,
  author    = {Peter Jackson},
  title     = {Introduction to Expert Systems},
  year      = {1998},
  edition   = {3rd},
  publisher = {Addison-Wesley},
  isbn      = {0201876868}
}

@book{nilsson1998ai,
  author    = {Nils J. Nilsson},
  title     = {Artificial Intelligence: A New Synthesis},
  year      = {1998},
  publisher = {Morgan Kaufmann},
  isbn      = {1558604677}
}

@article{doorenbos1995production,
  author  = {Robert B. Doorenbos},
  title   = {Production Matching for Large Learning Systems},
  year    = {1995},
  journal = {Carnegie Mellon University},
  note    = {PhD Thesis}
}

@book{luger2008ai,
  author    = {George F. Luger},
  title     = {Artificial Intelligence: Structures and Strategies for Complex Problem Solving},
  year      = {2008},
  edition   = {6th},
  publisher = {Pearson},
  isbn      = {0321545893}
}

@manual{swift62,
  title        = {The Swift Programming Language},
  author       = {{Apple Inc.}},
  year         = {2024},
  note         = {Swift 6.2},
  url          = {https://docs.swift.org/swift-book/}
}

@article{miranker1987treat,
  author  = {Daniel P. Miranker},
  title   = {TREAT: A Better Match Algorithm for AI Production Systems},
  year    = {1987},
  journal = {AAAI},
  pages   = {42--47}
}

@book{hayes1983building,
  author    = {Frederick Hayes-Roth and Donald A. Waterman and Douglas B. Lenat},
  title     = {Building Expert Systems},
  year      = {1983},
  publisher = {Addison-Wesley},
  isbn      = {0201106868}
}

@article{forgy1984ops5,
  author  = {Charles L. Forgy},
  title   = {OPS5 User's Manual},
  year    = {1984},
  journal = {Carnegie Mellon University},
  note    = {Technical Report CMU-CS-81-135}
}

@inproceedings{hanks1992rete,
  author    = {Steve Hanks and Thomas Dean},
  title     = {A Logic-Based Representation for Temporal Knowledge},
  booktitle = {Proceedings of the First International Conference on AI Planning Systems},
  year      = {1992},
  pages     = {10--17}
}

@book{bratko2011prolog,
  author    = {Ivan Bratko},
  title     = {Prolog Programming for Artificial Intelligence},
  year      = {2011},
  edition   = {4th},
  publisher = {Addison-Wesley},
  isbn      = {0321417461}
}

@article{knuth1997art,
  author    = {Donald E. Knuth},
  title     = {The Art of Computer Programming, Volume 1: Fundamental Algorithms},
  year      = {1997},
  edition   = {3rd},
  publisher = {Addison-Wesley},
  isbn      = {0201896834}
}

@book{cormen2009introduction,
  author    = {Thomas H. Cormen and Charles E. Leiserson and Ronald L. Rivest and Clifford Stein},
  title     = {Introduction to Algorithms},
  year      = {2009},
  edition   = {3rd},
  publisher = {MIT Press},
  isbn      = {0262033844}
}

@misc{slips2025,
  author       = {{Contributori SLIPS}},
  title        = {SLIPS: Swift Language Implementation of Production Systems},
  year         = {2025},
  publisher    = {GitHub},
  howpublished = {\url{https://github.com/gpicchiarelli/SLIPS}},
  note         = {Version 1.0}
}

